@misc{python,
	title ={Python},
	howpublished = {\url{https://www.python.org/}},
	year = {дата обращения: 30.08.2023}
}

@mics{Enigma,
	title ={Enigma german code device},
	howpublished = {\url{https://www.britannica.com/topic/Enigma-German-code-device}},
	year = {дата обращения: 17.09.2023}
}

@misc{c++,
	title ={Язык программирования C++},
	howpublished = {\url{https://learn.microsoft.com/en-us/cpp/cpp/cpp-language-reference?view=msvc-170}},
	year = {дата обращения: 17.09.2023}
}

@misc{vscode,
	title ={Vscode},
	howpublished = {\url{https://code.visualstudio.com/}},
	year = {дата обращения: 17.09.2023}
}